<record><leader>00000cas a22000007a 4500</leader><controlfield tag="001">14978815</controlfield><controlfield tag="008">861216d18921893ksuwr ne      0    0eng d</controlfield><datafield ind1=" " ind2=" " tag="010"><subfield code="a">sn 86064067 </subfield></datafield><datafield ind1=" " ind2=" " tag="040"><subfield code="a">KSH</subfield><subfield code="b">eng</subfield><subfield code="c">KSH</subfield><subfield code="d">NPT</subfield><subfield code="d">OCLCQ</subfield></datafield><datafield ind1=" " ind2=" " tag="042"><subfield code="a">msc</subfield></datafield><datafield ind1="0" ind2=" " tag="130"><subfield code="a">Weekly republican (Salina, Kan.)</subfield></datafield><datafield ind1="1" ind2="0" tag="245"><subfield code="a">Weekly republican.</subfield></datafield><datafield ind1=" " ind2=" " tag="260"><subfield code="a">Salina, Kan. :</subfield><subfield code="b">J.L. Bristow,</subfield><subfield code="c">1892-1893.</subfield></datafield><datafield ind1=" " ind2=" " tag="300"><subfield code="a">2 v. :</subfield><subfield code="b">ill. ;</subfield><subfield code="c">57 cm.</subfield></datafield><datafield ind1=" " ind2=" " tag="310"><subfield code="a">Weekly</subfield></datafield><datafield ind1="0" ind2=" " tag="362"><subfield code="a">Vol. 10, no. 5 (Jan. 22, 1892)-v. 11, no. 10 (Mar. 10, 1893).</subfield></datafield><datafield ind1=" " ind2=" " tag="752"><subfield code="a">United States</subfield><subfield code="b">Kansas</subfield><subfield code="c">Saline</subfield><subfield code="d">Salina.</subfield></datafield><datafield ind1="0" ind2=" " tag="775"><subfield code="t">Salina daily republican</subfield><subfield code="w">(DLC)sn 85030811</subfield></datafield><datafield ind1="0" ind2="0" tag="780"><subfield code="t">Salina republican</subfield><subfield code="w">(DLC)sn 85030810</subfield></datafield><datafield ind1="0" ind2="7" tag="785"><subfield code="t">Saline County journal</subfield><subfield code="w">(OCoLC)sn 11396818</subfield></datafield><datafield ind1="0" ind2="7" tag="785"><subfield code="t">Republican-journal (Salina, Kan.)</subfield><subfield code="w">(DLC)sn 85032684</subfield></datafield></record>